@inproceedings{polygonrnn,
	title = {{Annotating Object Instances with a Polygon-RNN}},
	author = {Castrej{\'o}n, Llu{\i}s and Kaustav Kundu and Raquel Urtasun and Sanja Fidler},
	booktitle = {IEEE Conference on Computer Vision and Pattern Recognition (CVPR)},
	year = {2017},
}

@inproceedings{maskrcnn,
	title = {{Mask R-CNN}},
    author = {Kaiming He and Georgia Gkioxari and Piotr Doll\'{a}r and Ross Girshick},
	booktitle = {International Conference on Computer Vision (ICCV)},
    year = {2017},
}

@inproceedings{fasterrcnn,
	author = {Ren, Shaoqing and He, Kaiming and Girshick, Ross and Sun, Jian},
	title = {{Faster R-CNN: Towards Real-time Object Detection with Region Proposal Networks}},
	booktitle = {International Conference on Neural Information Processing Systems (NIPS)},
	year = {2015},
}

@inproceedings{fpn,
	author = {Tsung{-}Yi Lin and Piotr Doll{\'{a}}r and Ross B. Girshick and Kaiming He and Bharath Hariharan and Serge J. Belongie},
	title = {{Feature Pyramid Networks for Object Detection}},
	year = {2017},
	booktitle = {IEEE Conference on Computer Vision and Pattern Recognition (CVPR)},
}

@mastersthesis{msnadine,
	author = {R{\"u}egg, Nadine},
	title = {{Segmenting Aerial Images into Polygonal Shapes with Deep Learning
}},
	school = {Swiss Federal Institute of Technology (ETH Z{\"u}rich)},
	year = {2016},
}

@inproceedings{mspascal,
	author = {Pascal Kaiser and Jan Dirk Wegner and Aurelien Lucchi and Martin Jaggi and Thomas Hofmann and Konrad Schindler},
	title = {{Learning Aerial Image Segmentation
from Online Maps}},
	booktitle = {IEEE Transactions on Geoscience and Remote Sensing (TGRS)},
	year = {2017},
}

@inproceedings{kippi,
	title = {{KIPPI: KInetic Polygonal Partitioning of Images}},
	author = {Bauchet, Jean-Philippe and Lafarge, Florent},
	booktitle = {IEEE Conference on Computer Vision and Pattern Recognition (CVPR)},
	year = {2018},
}

@book{cvbookstockman,
	author = {Stockman, George and Shapiro, Linda G.},
	title = {{Computer Vision}},
	year = {2001},
	isbn = {0-13-030796-3},
	edition = {1st},
	publisher = {Prentice Hall PTR},
	address = {Upper Saddle River, NJ, USA},
	pages = {279-325}
}

@inproceedings{chaireccv,
	author = {Nathan Silberman and David Sontag and Rob Fergus},
	title = {{Instance Segmentation of Indoor Scenes using a Coverage Loss}},
	booktitle = {European Conference on Computer Vision (ECCV)},
	year = {2014},
}

@article{imgsegclustering,
	author = {arghout, Lauren and Sheynin, Jacob},
	title = {{Real-world scene perception and perceptual organization: Lessons from Computer Vision}},
	journal = {{Journal of Vision}},
	volume = {13},
	number = {9},
	pages = {709–709},
	year = {2013},
}

@article{imgsegcompress,
	author = {Hossein Mobahi and Shankar Rao and Allen Yang and Shankar Sastry and Yi Ma},
	title = {{Segmentation of Natural Images by Texture and Boundary Compression}},
	journal = {{International Journal of Computer Vision}},
	number = {95},
	pages = {86–98},
	year = {2011},
}

@article{imgsegregion,
	author = {Richard Nock and Frank Nielsen},
	title = {{Statistical Region Merging}},
	journal = {{IEEE Transactions on Pattern Analysis and Machine Intelligence}},
	volume = {26},
	number = {11},
	pages = {1452-1458},
	year = {2004},
}




	
	